<record><leader>00000cas a22000007a 4500</leader><controlfield tag="001">16013069</controlfield><controlfield tag="008">870620d18961955iauwr ne      0    0eng d</controlfield><datafield ind1=" " ind2=" " tag="010"><subfield code="a">sn 87057732 </subfield></datafield><datafield ind1=" " ind2=" " tag="040"><subfield code="a">INP</subfield><subfield code="b">eng</subfield><subfield code="c">INP</subfield><subfield code="d">OCLCQ</subfield></datafield><datafield ind1=" " ind2=" " tag="042"><subfield code="a">msc</subfield></datafield><datafield ind1="0" ind2=" " tag="130"><subfield code="a">Clear Lake reporter (Clear Lake, Iowa : 1896)</subfield></datafield><datafield ind1="1" ind2="4" tag="245"><subfield code="a">The Clear Lake reporter.</subfield></datafield><datafield ind1=" " ind2=" " tag="260"><subfield code="a">Clear Lake, Iowa :</subfield><subfield code="b">J.C. Davenport,</subfield><subfield code="c">-1955.</subfield></datafield><datafield ind1=" " ind2=" " tag="300"><subfield code="a">v.</subfield></datafield><datafield ind1=" " ind2=" " tag="310"><subfield code="a">Weekly</subfield></datafield><datafield ind1="1" ind2=" " tag="362"><subfield code="a">Began Apr. 17, 1896.</subfield></datafield><datafield ind1="0" ind2=" " tag="362"><subfield code="a">-v. 58, no. 35 (Jan. 7, 1955).</subfield></datafield><datafield ind1=" " ind2=" " tag="500"><subfield code="a">Publisher varies.</subfield></datafield><datafield ind1=" " ind2=" " tag="500"><subfield code="a">Includes section called: Clear Lake rural reporter, &lt;Jan. 6, 1938-Jan. 4, 1940&gt;.</subfield></datafield><datafield ind1=" " ind2=" " tag="588"><subfield code="a">Description based on: Vol. 42, no. 40 (Jan. 6, 1938).</subfield></datafield><datafield ind1=" " ind2=" " tag="752"><subfield code="a">United States</subfield><subfield code="b">Iowa</subfield><subfield code="c">Cerro Gordo</subfield><subfield code="d">Clear Lake.</subfield></datafield><datafield ind1="0" ind2="7" tag="785"><subfield code="t">Clear Lake mirror</subfield><subfield code="w">(DLC)sn 87057805</subfield></datafield><datafield ind1="0" ind2="7" tag="785"><subfield code="t">Clear Lake mirror-reporter</subfield><subfield code="w">(DLC)sn 87057806</subfield></datafield><datafield ind1="1" ind2=" " tag="787"><subfield code="t">Clear Lake rural reporter</subfield></datafield></record>